<record><leader>00000cas a22000007a 4500</leader><controlfield tag="001">17538551</controlfield><controlfield tag="008">880225d18441847ohuir ne      0    0eng d</controlfield><datafield ind1=" " ind2=" " tag="010"><subfield code="a">sn 88077233 </subfield></datafield><datafield ind1=" " ind2=" " tag="040"><subfield code="a">ONP</subfield><subfield code="b">eng</subfield><subfield code="c">ONP</subfield><subfield code="d">OCLCQ</subfield></datafield><datafield ind1=" " ind2=" " tag="042"><subfield code="a">msc</subfield></datafield><datafield ind1="0" ind2=" " tag="130"><subfield code="a">Dayton journal &amp; advertiser (Dayton, Ohio : 1844)</subfield></datafield><datafield ind1="1" ind2="0" tag="245"><subfield code="a">Dayton journal &amp; advertiser.</subfield></datafield><datafield ind1="3" ind2="0" tag="246"><subfield code="a">Dayton journal and advertiser</subfield></datafield><datafield ind1=" " ind2=" " tag="260"><subfield code="a">Dayton, Ohio :</subfield><subfield code="b">R.N. &amp; W.F. Comly</subfield></datafield><datafield ind1=" " ind2=" " tag="310"><subfield code="a">Triweekly</subfield></datafield><datafield ind1="1" ind2=" " tag="362"><subfield code="a">Began in 1844; ceased with May 5, 1847 issue?</subfield></datafield><datafield ind1=" " ind2=" " tag="580"><subfield code="a">Weekly edition: Dayton journal &amp; advertiser (Dayton, Ohio : 1827).</subfield></datafield><datafield ind1=" " ind2=" " tag="588"><subfield code="a">Description based on: Vol. 4, no. 492 (Aug. 12, 1844).</subfield></datafield><datafield ind1=" " ind2=" " tag="752"><subfield code="a">United States</subfield><subfield code="b">Ohio</subfield><subfield code="c">Montgomery</subfield><subfield code="d">Dayton.</subfield></datafield><datafield ind1="1" ind2=" " tag="775"><subfield code="t">Dayton journal &amp; advertiser (Dayton, Ohio : 1827)</subfield><subfield code="w">(DLC)sn 84028763</subfield></datafield><datafield ind1="0" ind2="0" tag="780"><subfield code="t">Dayton journal (Dayton, Ohio : 1841)</subfield><subfield code="w">(DLC)sn 85025987</subfield></datafield><datafield ind1="0" ind2="0" tag="785"><subfield code="t">Daily Dayton journal (Dayton, Ohio : 1847)</subfield><subfield code="w">(DLC)sn 84028708</subfield></datafield></record>